@techreport{
    opandfunc,
    AUTHOR="K. E. Iverson",
    TITLE="Operators and Functions",
    INSTITUTION="IBM Thomas J. Watson Research Center",
    YEAR=1978
}

@article{
    pc,
    AUTHOR="Prokopec, A., et al",
    YEAR=2011,
    TITLE="A generic parallel collection framework",
	JOURNAL="Euro-Par 2011 Parallel Processing",
    PAGES="136-147"
}

@article{
    dph,
    AUTHOR="Keller, G., et al",
    YEAR=2010,
    TITLE="Regular, shape-polymorphic, parallel arrays in Haskell",
    JOURNAL="ACM Sigplan Notices",
    PAGES="261,272"
}
